@article{Alb75,
  title = {Half-lives of $^{18}\mathrm{Ne}$ and $^{20}\mathrm{F}$},
  author = {Alburger, D. E. and Calaprice, F. P.},
  journal = {Phys. Rev. C},
  volume = {12},
  issue = {5},
  pages = {1690--1691},
  numpages = {0},
  year = {1975},
  month = {Nov},
  publisher = {American Physical Society},
  doi = {10.1103/PhysRevC.12.1690},
  url = {http://link.aps.org/doi/10.1103/PhysRevC.12.1690}
}

@article{Ber75,
title = "Electroexcitation of the 0+ (3.562 MeV) level of 6Li and its application to the reaction 6Li(gamma,pi+)6He ",
journal = "Nuclear Physics A ",
volume = "251",
number = "3",
pages = "401 - 417",
year = "1975",
note = "",
issn = "0375-9474",
doi = "http://dx.doi.org/10.1016/0375-9474(75)90537-0",
url = "http://www.sciencedirect.com/science/article/pii/0375947475905370",
author = "J.C. Bergstrom and I.P. Auer and R.S. Hicks",
keywords = "Nuclear reactions "
}

@article{Bha12,
  title = {Probing novel scalar and tensor interactions from (ultra)cold neutrons to the LHC},
  author = {Bhattacharya, Tanmoy and Cirigliano, Vincenzo and Cohen, Saul D. and Filipuzzi, Alberto and Gonz\'alez-Alonso, Mart\'{\i}n and Graesser, Michael L. and Gupta, Rajan and Lin, Huey-Wen},
  journal = {Phys. Rev. D},
  volume = {85},
  issue = {5},
  pages = {054512},
  numpages = {29},
  year = {2012},
  publisher = {American Physical Society},
  doi = {10.1103/PhysRevD.85.054512},
  url = {http://link.aps.org/doi/10.1103/PhysRevD.85.054512}
}

@article{Cal76,
title = "Weak magnetism and the beta spectra of 12B and 12N ",
journal = "Nuclear Physics A ",
volume = "273",
number = "2",
pages = "301 - 325",
year = "1976",
note = "",
issn = "0375-9474",
doi = "http://dx.doi.org/10.1016/0375-9474(76)90593-5",
url = "http://www.sciencedirect.com/science/article/pii/0375947476905935",
author = "Frank P. Calaprice and Barry R. Holstein"
}

@article{Cir13,
author="Cirigliano, Vincenzo
and Gonz{\'a}lez-Alonso, Mart{\'i}n
and Graesser, Michael L.",
title="Non-standard charged current interactions: beta decays versus the LHC",
journal="Journal of High Energy Physics",
year="2013",
volume="2013",
number="2",
pages="1--18",
issn="1029-8479",
doi="10.1007/JHEP02(2013)046",
url="http://dx.doi.org/10.1007/JHEP02(2013)046"
}

@article{Dan68,
  title = {Shapes of Beta-Ray Spectra},
  author = {Daniel, H.},
  journal = {Rev. Mod. Phys.},
  volume = {40},
  issue = {3},
  pages = {659--672},
  numpages = {0},
  year = {1968},
  publisher = {American Physical Society},
  doi = {10.1103/RevModPhys.40.659},
  url = {http://link.aps.org/doi/10.1103/RevModPhys.40.659}
}

@article{Dub11,
  title = {The neutron and its role in cosmology and particle physics},
  author = {Dubbers, Dirk and Schmidt, Michael G.},
  journal = {Rev. Mod. Phys.},
  volume = {83},
  issue = {4},
  pages = {1111--1171},
  numpages = {0},
  year = {2011},
  publisher = {American Physical Society},
  doi = {10.1103/RevModPhys.83.1111},
  url = {http://link.aps.org/doi/10.1103/RevModPhys.83.1111}
}

@article{Elm87,
title = "Measurement of the 20F beta-spectrum: A low-energy test of the standard electro-weak gauge-model ",
journal = "Nuclear Physics A ",
volume = "469",
number = "3",
pages = "531 - 556",
year = "1987",
note = "",
issn = "0375-9474",
doi = "http://dx.doi.org/10.1016/0375-9474(87)90038-8",
url = "http://www.sciencedirect.com/science/article/pii/0375947487900388",
author = "L. Van Elmbt and J. Deutsch and R. Prieels",
keywords = "Radioactivity "
}

@manual{ESTAR,
title = "Stopping-Power and Range Tables for Electrons, Protons, and Helium Ions",
url = "http://physics.nist.gov/Star",
author = "M.J. Berger and J.S. Coursey and M.A. Zucker and J. Chang"
}

@manual{G4-EM,
year = "2017",
note = "http://geant4.cern.ch/collaboration/working\_groups/electromagnetic/physlist.shtml",
author = ""
}

@manual{G4-OPT4,
year = "2017",
note = "http://geant4.cern.ch/collaboration/working\_groups/electromagnetic/physlist10.2.shtml\#opt4",
author = ""
}

@manual{G4-PRM,
title = "Geant4 Physics Reference Manual",
url = "http://geant4.web.cern.ch/geant4/UserDocumentation/UsersGuides/PhysicsReferenceManual/fo/PhysicsReferenceManual.pdf",
year = "2016"
}

@manual{G4-StandardList,
year = "2017",
note = "http://geant4.web.cern.ch/geant4/UserDocumentation/Doxygen/examples\_doc/html\_TestEm5/html/PhysListEmStandard\_8cc\_source.html",
author = ""
}


@article{Geant4,
title = "Geant4 - a simulation toolkit ",
journal = "Nucl. Instrum. and Methods in Phys. Res. A ",
volume = "506",
number = "3",
pages = "250 - 303",
year = "2003",
note = "",
issn = "0168-9002",
doi = "http://dx.doi.org/10.1016/S0168-9002(03)01368-8",
url = "http://www.sciencedirect.com/science/article/pii/S0168900203013688",
author = "S. Agostinelli and et al.",
keywords = "Simulation",
keywords = "Particle interactions",
keywords = "Geometrical modelling",
keywords = "Software engineering",
keywords = "Object-oriented technology",
keywords = "Distributed software development "
}

% List of authors for Geant4
author = "S. Agostinelli and J. Allison and K. Amako and J. Apostolakis and H. Araujo and P. Arce and M. Asai and D. Axen and S. Banerjee and G. Barrand and F. Behner and L. Bellagamba and J. Boudreau and L. Broglia and A. Brunengo and H. Burkhardt and S. Chauvie and J. Chuma and R. Chytracek and G. Cooperman and G. Cosmo and P. Degtyarenko and A. Dell'Acqua and G. Depaola and D. Dietrich and R. Enami and A. Feliciello and C. Ferguson and H. Fesefeldt and G. Folger and F. Foppiano and A. Forti and S. Garelli and S. Giani and R. Giannitrapani and D. Gibin and J.J. Gómez Cadenas and I. González and G. Gracia Abril and G. Greeniaus and W. Greiner and V. Grichine and A. Grossheim and S. Guatelli and P. Gumplinger and R. Hamatsu and K. Hashimoto and H. Hasui and A. Heikkinen and A. Howard and V. Ivanchenko and A. Johnson and F.W. Jones and J. Kallenbach and N. Kanaya and M. Kawabata and Y. Kawabata and M. Kawaguti and S. Kelner and P. Kent and A. Kimura and T. Kodama and R. Kokoulin and M. Kossov and H. Kurashige and E. Lamanna and T. Lamp\'en and V. Lara and V. Lefebure and F. Lei and M. Liendl and W. Lockman and F. Longo and S. Magni and M. Maire and E. Medernach and K. Minamimoto and P. Mora de Freitas and Y. Morita and K. Murakami and M. Nagamatu and R. Nartallo and P. Nieminen and T. Nishimura and K. Ohtsubo and M. Okamura and S. O'Neale and Y. Oohata and K. Paech and J. Perl and A. Pfeiffer and M.G. Pia and F. Ranjard and A. Rybin and S. Sadilov and E. Di Salvo and G. Santin and T. Sasaki and N. Savvas and Y. Sawada and S. Scherer and S. Sei and V. Sirotenko and D. Smith and N. Starkov and H. Stoecker and J. Sulkimo and M. Takahata and S. Tanaka and E. Tcherniaev and E. Safai Tehrani and M. Tropeano and P. Truscott and H. Uno and L. Urban and P. Urban and M. Verderi and A. Walkden and W. Wander and H. Weber and J.P. Wellisch and T. Wenaus and D.C. Williams and D. Wright and T. Yamada and H. Yoshida and D. Zschiesche",

@article{Gen76,
title = "Half-life, endpoint energy, ft value and shape factor in the $\beta$− decay of 20F",
journal = "Nuclear Physics A",
volume = "267",
number = "",
pages = "13 - 28",
year = "1976",
note = "",
issn = "0375-9474",
doi = "http://dx.doi.org/10.1016/0375-9474(76)90640-0",
url = "http://www.sciencedirect.com/science/article/pii/0375947476906400",
author = "H. Genz and A. Richter and B.M. Schmitz and H. Behrens",
}

@article{Geo14,
  title = {Measurement of the shape factor for the $\ensuremath{\beta}$ decay of $^{14}\mathrm{O}$},
  author = {George, E. A. and Voytas, P. A. and Severin, G. W. and Knutson, L. D.},
  journal = {Phys. Rev. C},
  volume = {90},
  issue = {6},
  pages = {065501},
  numpages = {15},
  year = {2014},
  month = {Dec},
  publisher = {American Physical Society},
  doi = {10.1103/PhysRevC.90.065501},
  url = {https://link.aps.org/doi/10.1103/PhysRevC.90.065501}
}

@article{Gol08,
title = "The use of Geant4 for simulations of a plastic-detector and its application to efficiency calibration",
journal = "Nuclear Instruments and Methods in Physics Research Section A: Accelerators, Spectrometers, Detectors and Associated Equipment ",
volume = "594",
number = "2",
pages = "266 - 272",
year = "2008",
note = "",
issn = "0168-9002",
doi = "https://doi.org/10.1016/j.nima.2008.06.025",
url = "http://www.sciencedirect.com/science/article/pii/S0168900208008589",
author = "V.V. Golovko and V.E. Iacob and J.C. Hardy",
keywords = "Precise beta-branching-ratio measurements",
keywords = "The Electroweak Standard Model",
keywords = "Unitarity of the Cabibboâ€“Kobayashiâ€“Maskawa matrix",
keywords = "Monte Carlo simulations",
keywords = "Geant4 efficiency calculation for plastic beta-detector "
}

@article{Gli63,
  title = {Properties of ${\mathrm{F}}^{20}$},
  author = {Glickstein, S. S. and Winter, R. G.},
  journal = {Phys. Rev.},
  volume = {129},
  issue = {3},
  pages = {1281--1283},
  numpages = {0},
  year = {1963},
  month = {Feb},
  publisher = {American Physical Society},
  doi = {10.1103/PhysRev.129.1281},
  url = {http://link.aps.org/doi/10.1103/PhysRev.129.1281}
}

@article{Gre85,
author = { L Grenacs },
title = {Induced Weak Currents in Nuclei},
journal = {Annual Review of Nuclear and Particle Science},
volume = {35},
number = {1},
pages = {455-500},
year = {1985},
doi = {10.1146/annurev.ns.35.120185.002323},
URL = {https://doi.org/10.1146/annurev.ns.35.120185.002323 },
eprint = {https://doi.org/10.1146/annurev.ns.35.120185.002323 }
}

@article{Har15,
  title = {Superallowed ${0}^{+}\ensuremath{\rightarrow}{0}^{+}$ nuclear $\ensuremath{\beta}$ decays: 2014 critical survey, with precise results for ${V}_{ud}$ and CKM unitarity},
  author = {Hardy, J. C. and Towner, I. S.},
  journal = {Phys. Rev. C},
  volume = {91},
  issue = {2},
  pages = {025501},
  numpages = {27},
  year = {2015},
  publisher = {American Physical Society},
  doi = {10.1103/PhysRevC.91.025501},
  url = {http://link.aps.org/doi/10.1103/PhysRevC.91.025501}
}

@article{Has17,
title = "The aCORN backscatter-suppressed beta spectrometer ",
journal = "Nuclear Instruments and Methods in Physics Research Section A: Accelerators, Spectrometers, Detectors and Associated Equipment ",
volume = "867",
number = "",
pages = "51 - 57",
year = "2017",
note = "",
issn = "0168-9002",
doi = "https://doi.org/10.1016/j.nima.2017.05.029",
url = "http://www.sciencedirect.com/science/article/pii/S0168900217305740",
author = "M.T. Hassan and F. Bateman and B. Collett and G. Darius and C. DeAngelis and M.S. Dewey and G.L. Jones and A. Komives and A. Laptev and M.P. Mendenhall and J.S. Nico and G. Noid and E.J. Stephenson and I. Stern and C. Trull and F.E. Wietfeldt",
keywords = "Electron spectroscopy",
keywords = "Scintillation detectors",
keywords = "Conversion electrons",
keywords = "Neutron decay",
keywords = "Electron backscatter "
}

@article{Het89,
title = "The shape factor of the 20F beta spectrum ",
journal = "Nuclear Physics A ",
volume = "494",
number = "1",
pages = "1 - 35",
year = "1989",
note = "",
issn = "0375-9474",
doi = "http://dx.doi.org/10.1016/0375-9474(89)90196-6",
url = "http://www.sciencedirect.com/science/article/pii/0375947489901966",
author = "D.W. Hetherington and A. Alousi and R.B. Moore",
keywords = "Radioactivity"
}

@article{Hol74,
  title = {Recoil effects in allowed beta decay: The elementary particle approach},
  author = {Holstein, Barry R.},
  journal = {Rev. Mod. Phys.},
  volume = {46},
  issue = {4},
  pages = {789--814},
  numpages = {0},
  year = {1974},
  publisher = {American Physical Society},
  doi = {10.1103/RevModPhys.46.789},
  url = {http://link.aps.org/doi/10.1103/RevModPhys.46.789}
}

@article{Hol76,
  title = {Erratum: Recoil effects in allowed beta decay: The elementary particle approach},
  author = {Holstein, Barry R.},
  journal = {Rev. Mod. Phys.},
  volume = {48},
  issue = {4},
  pages = {673--673},
  numpages = {0},
  year = {1976},
  publisher = {American Physical Society},
  doi = {10.1103/RevModPhys.48.673},
  url = {http://link.aps.org/doi/10.1103/RevModPhys.48.673}
}

@article{Hub11,
  title = {Determination of antineutrino spectra from nuclear reactors},
  author = {Huber, Patrick},
  journal = {Phys. Rev. C},
  volume = {84},
  issue = {2},
  pages = {024617},
  numpages = {16},
  year = {2011},
  publisher = {American Physical Society},
  doi = {10.1103/PhysRevC.84.024617},
  url = {http://link.aps.org/doi/10.1103/PhysRevC.84.024617}
}

@article{Huy16,
author="Huyan, X.
and Naviliat-Cuncic, O.
and Bazin, D.
and Gade, A.
and Hughes, M.
and Liddick, S.
and Minamisono, K.
and Noji, S.
and Paulauskas, S. V.
and Simon, A.
and Voytas, P.
and Weisshaar, D.",
title="Toward a measurement of weak magnetism in 6He decay",
journal="Hyperfine Interact.",
year="2016",
volume="237",
number="1",
pages="1--7",
OPT_issn="1572-9540",
doi="10.1007/s10751-016-1303-8",
OPT_url="http://dx.doi.org/10.1007/s10751-016-1303-8"
}

@article{Iva10,
  author={V N Ivanchenko and O Kadri and M Maire and L Urban},
  title={Geant4 models for simulation of multiple scattering},
  journal={Journal of Physics: Conference Series},
  volume={219},
  number={3},
  pages={032045},
  url={http://stacks.iop.org/1742-6596/219/i=3/a=032045},
  year={2010},
}

@inproceedings{Ito95,
  TITLE = {{Measurement of Beta-decay Half-lives of Short-lived Nuclei
by Using High-rate Spectroscopy Amplifier}},
  AUTHOR = {S. Itoh and M. Yasuda and H. Yamamoto and T. Iida and A. Takahashi and K. Kawade},
  BOOKTITLE = {{1994 Symposium on Nuclear Data}},
  ADDRESS = {Tokai, Japan},
  YEAR = {1995},
  MONTH = {March}
}


@article{Jac57,
title = "Coulomb corrections in allowed beta transitions ",
journal = "Nuclear Physics ",
volume = "4",
number = "",
pages = "206 - 212",
year = "1957",
note = "",
issn = "0029-5582",
doi = "http://dx.doi.org/10.1016/0029-5582(87)90019-8",
url = "http://www.sciencedirect.com/science/article/pii/0029558287900198",
author = "J.D. Jackson and S.B. Treiman and H.W. Wyld Jr."
}

@article{Lan14,
title = "The role of electron capture in core-collapse supernovae",
journal = "Nuclear Physics A",
volume = "928",
number = "",
pages = "305 - 312",
year = "2014",
note = "Special Issue Dedicated to the Memory of Gerald E Brown (1926-2013)",
issn = "0375-9474",
doi = "http://dx.doi.org/10.1016/j.nuclphysa.2014.04.015",
url = "http://www.sciencedirect.com/science/article/pii/S0375947414000979",
author = "K. Langanke and G. MartÃ­nez-Pinedo",
keywords = "Supernovae",
keywords = "Electron capture",
keywords = "Shell model"
}

@article{Mar03,
  title = {Measurement of electron backscattering in the energy range of neutron $\ensuremath{\beta}$ decay},
  author = {Martin, J. W. and Yuan, J. and Hoedl, S. A. and Filippone, B. W. and Fong, D. and Ito, T. M. and Lin, E. and Tipton, B. and Young, A. R.},
  journal = {Phys. Rev. C},
  volume = {68},
  issue = {5},
  pages = {055503},
  numpages = {8},
  year = {2003},
  month = {Nov},
  publisher = {American Physical Society},
  doi = {10.1103/PhysRevC.68.055503},
  url = {https://link.aps.org/doi/10.1103/PhysRevC.68.055503}
}

@article{Mar06,
  title = {New measurements and quantitative analysis of electron backscattering in the energy range of neutron \ensuremath{\beta}-decay},
  author = {Martin, J. W. and Yuan, J. and Betancourt, M. J. and Filippone, B. W. and Hoedl, S. A. and Ito, T. M. and Plaster, B. and Young, A. R.},
  journal = {Phys. Rev. C},
  volume = {73},
  issue = {1},
  pages = {015501},
  numpages = {6},
  year = {2006},
  month = {Jan},
  publisher = {American Physical Society},
  doi = {10.1103/PhysRevC.73.015501},
  url = {https://link.aps.org/doi/10.1103/PhysRevC.73.015501}
}


@article{Min87,
author="Minamisono, Tadanori",
title="NMR of short-lived nuclei implanted in crystals and a new isol for projectile fragments in relativistic heavy-ion reaction",
journal="Hyperfine Interactions",
year="1987",
month="Apr",
day="01",
volume="35",
number="1",
pages="979--991",
issn="1572-9540",
doi="10.1007/BF02394535",
url="http://dx.doi.org/10.1007/BF02394535"
}

@article{Nom13,
author = {Ken'ichi Nomoto and Chiaki Kobayashi and Nozomu Tominaga},
title = {Nucleosynthesis in Stars and the Chemical Enrichment of Galaxies},
journal = {Annual Review of Astronomy and Astrophysics},
volume = {51},
number = {1},
pages = {457-509},
year = {2013},
doi = {10.1146/annurev-astro-082812-140956},
URL = {https://doi.org/10.1146/annurev-astro-082812-140956 },
eprint = {https://doi.org/10.1146/annurev-astro-082812-140956}
}

@article{Kim15,
author={S. H. Kim and M. G. Pia and T. Basaglia and M. C. Han and G. Hoff and C. H. Kim and P. Saracco},
journal={IEEE Transactions on Nuclear Science},
title={Validation Test of Geant4 Simulation of Electron Backscattering},
year={2015},
volume={62},
number={2},
pages={451-479},
keywords={Monte Carlo methods;electron backscattering;Geant4 Urban multiple scattering model;Geant4 simulation;Monte Carlo simulation;categorical analysis;electron backscattering;energy deposition;statistical methods;Analytical models;Backscatter;Documentation;Monte Carlo methods;Scattering;Unified modeling language;Electrons;Geant4;Monte Carlo;simulation},
doi={10.1109/TNS.2015.2401055},
ISSN={0018-9499},
month={April},
}

@article{Mal62,
        title = "Half-life measurements of 6He, 16N, 19O, 26F, 28Al, 77Senm and 110Ag",
        journal = "Nuclear Physics",
        volume = "38",
        number = "",
        pages = "196 - 210",
        year = "1962",
        note = "",
        issn = "0029-5582",
        doi = "http://dx.doi.org/10.1016/0029-5582(62)91029-5",
        url = "http://www.sciencedirect.com/science/article/pii/0029558262910295",
        author = "S Malmskog and J Konijn",
}

@article{Mor03,
title = "Commissioning the A1900 projectile fragment separator",
journal = "Nuclear Instruments and Methods in Physics Research Section B: Beam Interactions with Materials and Atoms",
volume = "204",
number = "",
pages = "90 - 96",
year = "2003",
note = "14th International Conference on Electromagnetic Isotope Separators and Techniques Related to their Applications",
issn = "0168-583X",
doi = "http://dx.doi.org/10.1016/S0168-583X(02)01895-5",
url = "http://www.sciencedirect.com/science/article/pii/S0168583X02018955",
author = "D.J. Morrissey and B.M. Sherrill and M. Steiner and A. Stolz and I. Wiedenhoever",
keywords = "Electromagnetic separator",
keywords = "Nuclear reaction products"
}

@article{Nav13,
author = {Naviliat-Cuncic, Oscar and Gonz\'alez-Alonso, Mart\'in},
title = {Prospects for precision measurements in nuclear β decay in the LHC era},
journal = {Annalen der Physik},
volume = {525},
number = {8-9},
issn = {1521-3889},
url = {http://dx.doi.org/10.1002/andp.201300072},
doi = {10.1002/andp.201300072},
pages = {600--619},
keywords = {Nuclear beta decay, weak interactions, tests of the standard model, searches for exotic couplings},
year = {2013},
}

@article{Pan15,
title = "Validation of the Geant4 simulation of bremsstrahlung from thick targets below 3 MeV ",
journal = "Nuclear Instruments and Methods in Physics Research Section B: Beam Interactions with Materials and Atoms ",
volume = "350",
number = "",
pages = "41 - 48",
year = "2015",
note = "",
issn = "0168-583X",
doi = "https://doi.org/10.1016/j.nimb.2015.03.033",
url = "http://www.sciencedirect.com/science/article/pii/S0168583X15002335",
author = "L. Pandola and C. Andenna and B. Caccia",
keywords = "Monte Carlo simulations",
keywords = "Bremsstrahlung",
keywords = "Medical physics "
}

@manual{Physica,
year = "2017",
note = "http://exsitewebware.com/extrema/index.html",
author = "Extrema"
}

@article{Pro14,
title = "Digital data acquisition system implementation at the National Superconducting Cyclotron Laboratory",
journal = "Nuclear Instruments and Methods in Physics Research Section A: Accelerators, Spectrometers, Detectors and Associated Equipment",
volume = "741",
number = "",
pages = "163 - 168",
year = "2014",
note = "",
issn = "0168-9002",
doi = "http://dx.doi.org/10.1016/j.nima.2013.12.044",
url = "http://www.sciencedirect.com/science/article/pii/S0168900213017488",
author = "C.J. Prokop and S.N. Liddick and B.L. Abromeit and A.T. Chemey and N.R. Larson and S. Suchyta and J.R. Tompkins",
keywords = "Digital data acquisition",
keywords = "Digital filtering ADC"
}

@article{Sev06,
  title = {Tests of the standard electroweak model in nuclear beta decay},
  author = {Severijns, Nathal and Beck, Marcus and Naviliat-Cuncic, Oscar},
  journal = {Rev. Mod. Phys.},
  volume = {78},
  issue = {3},
  pages = {991--1040},
  numpages = {0},
  year = {2006},
  publisher = {American Physical Society},
  doi = {10.1103/RevModPhys.78.991},
  url = {http://link.aps.org/doi/10.1103/RevModPhys.78.991}
}

@article{Sot13,
title = "Performance of Geant4 in simulating semiconductor particle detector response in the energy range below 1 MeV ",
journal = "Nucl. Instrum. and Methods in Phys. Res. A ",
volume = "728",
number = "",
pages = "11 - 22",
year = "2013",
note = "",
issn = "0168-9002",
doi = "http://dx.doi.org/10.1016/j.nima.2013.06.047",
url = "http://www.sciencedirect.com/science/article/pii/S0168900213008802",
author = "G. Soti and F. Wauters and M. Breitenfeldt and P. Finlay and I.S. Kraev and A. Knecht and T. Porobi\'c and D. Z\'akouck\'y and N. Severijns",
keywords = "Geant4",
keywords = "PIPS detectors",
keywords = "HPGe particle detectors",
keywords = "Electron backscattering "
}

@article{Sel85,
title = "Bremsstrahlung spectra from electron interactions with screened atomic nuclei and orbital electrons ",
journal = "Nuclear Instruments and Methods in Physics Research Section B: Beam Interactions with Materials and Atoms ",
volume = "12",
number = "1",
pages = "95 - 134",
year = "1985",
note = "",
issn = "0168-583X",
doi = "https://doi.org/10.1016/0168-583X(85)90707-4",
url = "http://www.sciencedirect.com/science/article/pii/0168583X85907074",
author = "Stephen M. Seltzer and Martin J. Berger"
}

@article{Sel86,
title = "Bremsstrahlung energy spectra from electrons with kinetic energy 1 keV–10 GeV incident on screened nuclei and orbital electrons of neutral atoms with Z = 1–100 ",
journal = "Atomic Data and Nuclear Data Tables ",
volume = "35",
number = "3",
pages = "345 - 418",
year = "1986",
note = "",
issn = "0092-640X",
doi = "https://doi.org/10.1016/0092-640X(86)90014-8",
url = "http://www.sciencedirect.com/science/article/pii/0092640X86900148",
author = "Stephen M. Seltzer and Martin J. Berger"
}

@article {Shi75,
author = {Shimada, Junichi and Hoshino, Mitsutoshi},
title = {Surface fluorination of transparent polymer film},
journal = {Journal of Applied Polymer Science},
volume = {19},
number = {5},
publisher = {Wiley Subscription Services, Inc., A Wiley Company},
issn = {1097-4628},
url = {http://dx.doi.org/10.1002/app.1975.070190524},
doi = {10.1002/app.1975.070190524},
pages = {1439--1448},
year = {1975},
}

@article{Til98,
title = "Energy levels of light nuclei, A = 20",
journal = "Nuclear Physics A",
volume = "636",
number = "3",
pages = "249 - 364",
year = "1998",
note = "",
issn = "0375-9474",
doi = "http://dx.doi.org/10.1016/S0375-9474(98)00129-8",
url = "http://www.sciencedirect.com/science/article/pii/S0375947498001298",
author = "D.R. Tilley and C.M. Cheves and J.H. Kelley and S. Raman and H.R. Weller",
keywords = "Compilation N,O,F,Ne,Na,Mg",
keywords = "compiled,evaluated nuclear data"
}

@article{Vos15,
  title = {Symmetry violations in nuclear and neutron $\ensuremath{\beta}$ decay},
  author = {Vos, K. K. and Wilschut, H. W. and Timmermans, R. G. E.},
  journal = {Rev. Mod. Phys.},
  volume = {87},
  issue = {4},
  pages = {1483--1516},
  numpages = {34},
  year = {2015},
  publisher = {American Physical Society},
  doi = {10.1103/RevModPhys.87.1483},
  url = {http://link.aps.org/doi/10.1103/RevModPhys.87.1483}
}

@article{Wan92,
title = "Measurement of the half-life of 20F",
journal = "Nuclear Physics A",
volume = "536",
number = "1",
pages = "159 - 167",
year = "1992",
note = "",
issn = "0375-9474",
doi = "http://dx.doi.org/10.1016/0375-9474(92)90251-E",
url = "http://www.sciencedirect.com/science/article/pii/037594749290251E",
author = "T.F. Wang and R.N. Boyd and G.J. Mathews and M.L. Roberts and K.E. Sale and M.M. Farrell and M.S. Islam and G.W. Kolnicki",
}

@article{Wau09,
title = "A GEANT4 Monte-Carlo simulation code for precision spectroscopy ",
journal = "Nuclear Instruments and Methods in Physics Research Section A: Accelerators, Spectrometers, Detectors and Associated Equipment ",
volume = "609",
number = "2–3",
pages = "156 - 164",
year = "2009",
note = "",
issn = "0168-9002",
doi = "https://doi.org/10.1016/j.nima.2009.08.026",
url = "http://www.sciencedirect.com/science/article/pii/S0168900209016027",
author = "F. Wauters and I. Kraev and D. Zákoucký and M. Beck and V.V. Golovko and V.Yu. Kozlov and T. Phalet and M. Tandecki and E. Traykov and S. Van Gorp and N. Severijns",
keywords = "Weak interaction",
keywords = "Brute force low temperature nuclear orientation",
keywords = "GEANT4",
keywords = "PIN-diode",
keywords = "Beta particles",
keywords = "Scattering "
}

@article{Wei10,
title = "CEASAR: A high-efficiency CsI(Na) scintillator array for in-beam gamma ray spectroscopy with fast rare-isotope beams",
journal = "Nuclear Instruments and Methods in Physics Research Section A: Accelerators, Spectrometers, Detectors and Associated Equipment",
volume = "624",
number = "3",
pages = "615 - 623",
year = "2010",
note = "",
issn = "0168-9002",
doi = "http://dx.doi.org/10.1016/j.nima.2010.09.148",
url = "http://www.sciencedirect.com/science/article/pii/S0168900210021820",
author = "D. Weisshaar and A. Gade and T. Glasmacher and G.F. Grinyer and D. Bazin and P. Adrich and T. Baugher and J.M. Cook and C.Aa. Diget and S. McDaniel and A. Ratkiewicz and K.P. Siwek and K.A. Walsh",
keywords = "CsI(Na) scintillator",
keywords = "In-beam  spectroscopy",
keywords = "Rare-isotope beams"
}

@article{Wil70,
  title = {Mirror Symmetry in the $\ensuremath{\beta}$ Decay of the $A=20$ and 25 Systems},
  author = {Wilkinson, D. H. and Alburger, D. E.},
  journal = {Phys. Rev. Lett.},
  volume = {24},
  issue = {20},
  pages = {1134--1136},
  numpages = {0},
  year = {1970},
  month = {May},
  publisher = {American Physical Society},
  doi = {10.1103/PhysRevLett.24.1134},
  url = {http://link.aps.org/doi/10.1103/PhysRevLett.24.1134}
}

@article{Wil93a,
title = "Methodology for superallowed Fermi beta-decay Part II. Reduction of data ",
journal = "Nucl. Instrum. and Methods in Phys. Res. A ",
volume = "335",
number = "",
pages = "182 - 200",
year = "1993",
note = "",
issn = "0168-9002",
doi = "http://dx.doi.org/10.1016/0168-9002(93)90271-I",
url = "http://www.sciencedirect.com/science/article/pii/016890029390271I",
author = "D.H. Wilkinson"
}

@article{Wil93b,
title = "Methodology for superallowed Fermi beta-decay Part III. Analysis ",
journal = "Nucl. Instrum. and Methods in Phys. Res. A ",
volume = "335",
number = "",
pages = "201 - 218",
year = "1993",
note = "",
issn = "0168-9002",
doi = "http://dx.doi.org/10.1016/0168-9002(93)90272-J",
url = "http://www.sciencedirect.com/science/article/pii/016890029390272J",
author = "D.H. Wilkinson"
}

@article{Yul67,
        title = "Half-lives of some short-lived radioactive isotopes",
        journal = "Nuclear Physics A",
        volume = "94",
        number = "2",
        pages = "442 - 448",
        year = "1967",
        note = "",
        issn = "0375-9474",
        doi = "http://dx.doi.org/10.1016/0375-9474(67)90015-2",
        url = "http://www.sciencedirect.com/science/article/pii/0375947467900152",
        author = "Herbert P. Yule",
        keywords = "Radioactivity"
}

%%%END BETA HL STUFF

@article{Pfe12,
title = "Atomic mass compilation 2012",
journal = "Atomic Data and Nuclear Data Tables",
volume = "100",
number = "2",
pages = "403 - 535",
year = "2014",
issn = "0092-640X",
doi = "https://doi.org/10.1016/j.adt.2013.06.002",
url = "http://www.sciencedirect.com/science/article/pii/S0092640X13000697",
author = "B. Pfeiffer and K. Venkataramaniah and U. Czok and C. Scheidenberger"
}


%%FOR MC SAMPLING:

@article{Neu51,
  Title                    = {Various techniques used in connection with random digits},
  Author                   = {John {von Neumann}},
  Booktitle                = {Monte Carlo Method},
  Publisher                = {National Bureau of Standards Applied Mathematics Series, 12},
  Year                     = {1951},

  Address                  = {Washington, D.C.: U.S. Government Printing Office},
  Editor                   = {A.S. Householder and G.E. Forsythe and H.H. Germond},
  Pages                    = {36--38}
}

@article{Wil89,
title = "Evaluation of beta-decay: I. The traditional phase space factors",
journal = "Nuclear Instruments and Methods in Physics Research Section A: Accelerators, Spectrometers, Detectors and Associated Equipment",
volume = "275",
number = "2",
pages = "378 - 386",
year = "1989",
issn = "0168-9002",
doi = "https://doi.org/10.1016/0168-9002(89)90712-2",
url = "http://www.sciencedirect.com/science/article/pii/0168900289907122",
author = "D.H. Wilkinson"
}

@article{Wil95,
	title = "Evaluation of beta-decay Part V. The Z-independent outer radiative corrections for allowed decay",
	journal = "Nuclear Instruments and Methods in Physics Research Section A: Accelerators, Spectrometers, Detectors and Associated Equipment",
	volume = "365",
	number = "2",
	pages = "497 - 507",
	year = "1995",
	issn = "0168-9002",
	doi = "https://doi.org/10.1016/0168-9002(95)00495-5",
	url = "http://www.sciencedirect.com/science/article/pii/0168900295004955",
	author = "D.H. Wilkinson"
}

@ARTICLE{Ang13,
   author = {{Angeli}, I. and {Marinova}, K.~P.},
    title = "{Table of experimental nuclear ground state charge radii: An update}",
  journal = {Atomic Data and Nuclear Data Tables},
     year = 2013,
    month = jan,
   volume = 99,
    pages = {69-95},
      doi = {10.1016/j.adt.2011.12.006},
   adsurl = {http://adsabs.harvard.edu/abs/2013ADNDT..99...69A},
  adsnote = {Provided by the SAO/NASA Astrophysics Data System}
}

@article{Sir67,
  title = {General Properties of the Electromagnetic Corrections to the Beta Decay of a Physical Nucleon},
  author = {Sirlin, A.},
  journal = {Phys. Rev.},
  volume = {164},
  issue = {5},
  pages = {1767--1775},
  numpages = {0},
  year = {1967},
  month = {Dec},
  publisher = {American Physical Society},
  doi = {10.1103/PhysRev.164.1767},
  url = {https://link.aps.org/doi/10.1103/PhysRev.164.1767}
}

@article{Fay86,
      author         = "Fayans, S. A.",
      title          = "{Radiative Corrections and Recoil Effects in the Reaction
                        $\bar{\nu}_e + P \to N + e^+$ at Low-energies. (In
                        Russian)}",
      journal        = "Sov. J. Nucl. Phys.",
      volume         = "42",
      year           = "1985",
      pages          = "590",
      note           = "[Yad. Fiz.42,929(1985)]",
}

@article{Kni36,
	title = "Emission of gamma radiation during the beta decay of nuclei",
	journal = "Physica",
	volume = "3",
	number = "6",
	pages = "425 - 439",
	year = "1936",
	issn = "0031-8914",
	doi = "https://doi.org/10.1016/S0031-8914(36)80008-1",
	url = "http://www.sciencedirect.com/science/article/pii/S0031891436800081",
	author = "J.K. Knipp and G.E. Uhlenbeck"
	}

@article{Buh84,
	title = "The screening correction to the Fermi function of nuclear $\beta$-decay and its model dependence",
	journal = "Nuclear Physics A",
	volume = "430",
	number = "1",
	pages = "1 - 20",
	year = "1984",
	issn = "0375-9474",
	doi = "https://doi.org/10.1016/0375-9474(84)90190-8",
	url = "http://www.sciencedirect.com/science/article/pii/0375947484901908",
	author = "Wolfgang Bühring"
	}

@article{Bya56,
  title = {Analytical Representation of Hartree Potentials and Electron Scattering},
  author = {Byatt, William J.},
  journal = {Phys. Rev.},
  volume = {104},
  issue = {5},
  pages = {1298--1300},
  numpages = {0},
  year = {1956},
  month = {Dec},
  publisher = {American Physical Society},
  doi = {10.1103/PhysRev.104.1298},
  url = {https://link.aps.org/doi/10.1103/PhysRev.104.1298}
}

@article{Ago03,
title = "Geant4—a simulation toolkit",
journal = "Nuclear Instruments and Methods in Physics Research Section A: Accelerators, Spectrometers, Detectors and Associated Equipment",
volume = "506",
number = "3",
pages = "250 - 303",
year = "2003",
issn = "0168-9002",
doi = "https://doi.org/10.1016/S0168-9002(03)01368-8",
url = "http://www.sciencedirect.com/science/article/pii/S0168900203013688",
author = "S. Agostinelli and J. Allison and K. Amako and J. Apostolakis and H. Araujo and P. Arce and M. Asai and D. Axen and S. Banerjee and G. Barrand and F. Behner and L. Bellagamba and J. Boudreau and L. Broglia and A. Brunengo and H. Burkhardt and S. Chauvie and J. Chuma and R. Chytracek and G. Cooperman and G. Cosmo and P. Degtyarenko and A. Dell'Acqua and G. Depaola and D. Dietrich and R. Enami and A. Feliciello and C. Ferguson and H. Fesefeldt and G. Folger and F. Foppiano and A. Forti and S. Garelli and S. Giani and R. Giannitrapani and D. Gibin and J.J. Gómez Cadenas and I. González and G. Gracia Abril and G. Greeniaus and W. Greiner and V. Grichine and A. Grossheim and S. Guatelli and P. Gumplinger and R. Hamatsu and K. Hashimoto and H. Hasui and A. Heikkinen and A. Howard and V. Ivanchenko and A. Johnson and F.W. Jones and J. Kallenbach and N. Kanaya and M. Kawabata and Y. Kawabata and M. Kawaguti and S. Kelner and P. Kent and A. Kimura and T. Kodama and R. Kokoulin and M. Kossov and H. Kurashige and E. Lamanna and T. Lampén and V. Lara and V. Lefebure and F. Lei and M. Liendl and W. Lockman and F. Longo and S. Magni and M. Maire and E. Medernach and K. Minamimoto and P. Mora de Freitas and Y. Morita and K. Murakami and M. Nagamatu and R. Nartallo and P. Nieminen and T. Nishimura and K. Ohtsubo and M. Okamura and S. O'Neale and Y. Oohata and K. Paech and J. Perl and A. Pfeiffer and M.G. Pia and F. Ranjard and A. Rybin and S. Sadilov and E. Di Salvo and G. Santin and T. Sasaki and N. Savvas and Y. Sawada and S. Scherer and S. Sei and V. Sirotenko and D. Smith and N. Starkov and H. Stoecker and J. Sulkimo and M. Takahata and S. Tanaka and E. Tcherniaev and E. Safai Tehrani and M. Tropeano and P. Truscott and H. Uno and L. Urban and P. Urban and M. Verderi and A. Walkden and W. Wander and H. Weber and J.P. Wellisch and T. Wenaus and D.C. Williams and D. Wright and T. Yamada and H. Yoshida and D. Zschiesche",
}

@article{Huy18,
title = "Geant4 simulations of the absorption of photons in CsI and NaI produced by electrons with energies up to 4 MeV and their application to precision measurements of the $\beta$-energy spectrum with a calorimetric technique",
journal = "Nuclear Instruments and Methods in Physics Research Section A: Accelerators, Spectrometers, Detectors and Associated Equipment",
volume = "879",
pages = "134 - 140",
year = "2018",
issn = "0168-9002",
doi = "https://doi.org/10.1016/j.nima.2017.10.061",
url = "http://www.sciencedirect.com/science/article/pii/S0168900217311440",
author = "X. Huyan and O. Naviliat-Cuncic and P. Voytas and S. Chandavar and M. Hughes and K. Minamisono and S.V. Paulauskas",
}

@misc{DAQ17,
title = "NSCL Data Acquisition Documentation",
author = "Ron Fox", 
url = "http://docs.nscl.msu.edu/daq/newsite/home.php",
year = "2017",
}

@article{WIL90,
title = "Evaluation of beta-decay: II. Finite mass and size effects",
journal = "Nuclear Instruments and Methods in Physics Research Section A: Accelerators, Spectrometers, Detectors and Associated Equipment",
volume = "290",
number = "2",
pages = "509 - 515",
year = "1990",
issn = "0168-9002",
doi = "https://doi.org/10.1016/0168-9002(90)90570-V",
url = "http://www.sciencedirect.com/science/article/pii/016890029090570V",
author = "D.H. Wilkinson",
}

@article{Cal77,
  title = {Calculation of recoil-order matrix elements for the beta decays of $^{20}\mathrm{F}$ and $^{20}\mathrm{Na}$.},
  author = {Calaprice, Frank P. and Chung, W. and Wildenthal, B. H.},
  journal = {Phys. Rev. C},
  volume = {15},
  issue = {6},
  pages = {2178--2186},
  numpages = {0},
  year = {1977},
  month = {Jun},
  publisher = {American Physical Society},
  doi = {10.1103/PhysRevC.15.2178},
  url = {https://link.aps.org/doi/10.1103/PhysRevC.15.2178}
}

@article{Min11,
  title = {Low-energy test of second-class current in $\ensuremath{\beta}$ decays of spin-aligned ${}^{20}$F and ${}^{20}$Na},
  author = {Minamisono, K. and Nagatomo, T. and Matsuta, K. and Levy, C. D. P. and Tagishi, Y. and Ogura, M. and Yamaguchi, M. and Ota, H. and Behr, J. A. and Jackson, K. P. and Ozawa, A. and Fukuda, M. and Sumikama, T. and Fujiwara, H. and Iwakoshi, T. and Matsumiya, R. and Mihara, M. and Chiba, A. and Hashizume, Y. and Yasuno, T. and Minamisono, T.},
  journal = {Phys. Rev. C},
  volume = {84},
  issue = {5},
  pages = {055501},
  numpages = {21},
  year = {2011},
  month = {Nov},
  publisher = {American Physical Society},
  doi = {10.1103/PhysRevC.84.055501},
  url = {https://link.aps.org/doi/10.1103/PhysRevC.84.055501}
}

@article{Wan17,
	doi = {10.1088/1674-1137/41/3/030003},
	year = 2017,
	month = {mar},
	publisher = {{IOP} Publishing},
	volume = {41},
	number = {3},
	pages = {030003},
	author = {Meng Wang and G. Audi and F. G. Kondev and W.J. Huang and S. Naimi and Xing Xu},
	title = {The {AME}2016 atomic mass evaluation ({II}). Tables, graphs and references},
	journal = {Chinese Physics C},
}

@article{Til98,
title = "Energy levels of light nuclei, A = 20",
journal = "Nuclear Physics A",
volume = "636",
number = "3",
pages = "249 - 364",
year = "1998",
issn = "0375-9474",
doi = "https://doi.org/10.1016/S0375-9474(98)00129-8",
url = "http://www.sciencedirect.com/science/article/pii/S0375947498001298",
author = "D.R. Tilley and C.M. Cheves and J.H. Kelley and S. Raman and H.R. Weller",
}

@article{Man58,
  title = {Test of the Nature of the Vector Interaction in $\ensuremath{\beta}$ Decay},
  author = {Gell-Mann, Murray},
  journal = {Phys. Rev.},
  volume = {111},
  issue = {1},
  pages = {362--365},
  numpages = {0},
  year = {1958},
  month = {Jul},
  publisher = {American Physical Society},
  doi = {10.1103/PhysRev.111.362},
  url = {https://link.aps.org/doi/10.1103/PhysRev.111.362}
}


